%% This BibTeX bibliography file was created using BibDesk.
%% http://bibdesk.sourceforge.net/

%% Created for Johnson Johnson at 2017-01-18 20:51:02 -0500 


%% Saved with string encoding Unicode (UTF-8) 



@conference{SCNCD,
	Author = {Yang Yang and Jimei Yang and Junjie Yan and Shengcai Liao and Dong Yi and Stan Z. Li},
	Booktitle = {European Con- ference on Computer Vision (ECCV)},
	Date-Added = {2017-01-19 01:46:00 +0000},
	Date-Modified = {2017-01-19 01:51:00 +0000},
	Title = {Salient color names for person re-identification},
	Year = {2014}}

@conference{LBP2,
	Author = {T. Ojala and M. Pietik{\"a}inen and D. Harwood},
	Booktitle = {Pattern Recognition},
	Date-Added = {2017-01-18 23:15:29 +0000},
	Date-Modified = {2017-01-18 23:18:52 +0000},
	Title = {A Comparative Study of Texture Measures with Classification Based on Feature Distributions},
	Year = {1996}}

@conference{LBP1,
	Author = {T. Ojala and M. Pietik{\"a}inen and D. Harwood},
	Booktitle = {ICPR},
	Date-Added = {2017-01-18 23:13:57 +0000},
	Date-Modified = {2017-01-18 23:15:25 +0000},
	Title = {Performance evaluation of texture measures with classification based on Kullback discrimination of distributions},
	Year = {1994}}

@conference{GOG,
	Author = {Tetsu Matsukawa and Takahiro Okabe and Einoshin Suzuki and Yoichi Sato},
	Date-Added = {2017-01-01 16:41:38 +0000},
	Date-Modified = {2017-01-14 22:35:06 +0000},
	Month = dec,
	Pages = {1--10},
	Title = {{Hierarchical Gaussian Descriptor for Person Re-Identification}},
	Year = {2016}}

@conference{RegionCovariance,
	Author = {Oncel Tuzel and Fatih Porikli and Peter Meer},
	Date-Modified = {2017-01-14 23:54:06 +0000},
	Month = dec,
	Pages = {1--14},
	Title = {{Region Covariance: A Fast Descriptor for Detection and Classification}},
	Year = {2016}}

@conference{LOMO,
	Author = {Shengcai Liao and Yang Hu and Xiangyu Zhu and Stan Z. Li},
	Date-Modified = {2017-01-14 23:52:36 +0000},
	Month = apr,
	Organization = {CVPR},
	Pages = {1--10},
	Title = {{Person Re-identification by Local Maximal Occurrence Representation and Metric Learning}},
	Year = {2015}}

@article{PRDC,
	Author = {WeiShi Zheng and Shaogang Gong and Tao Xiang},
	Date-Modified = {2017-01-14 23:53:41 +0000},
	Month = nov,
	Pages = {1--8},
	Title = {{Person Re-identification by Probabilistic Relative Distance Comparison}},
	Year = {2016}}

@article{TDL,
	Author = {Jinjie You and Ancong Wu and Xiang Li and Wei-Shi Zheng},
	Date-Modified = {2017-01-14 23:55:36 +0000},
	Month = jan,
	Pages = {1--9},
	Title = {{Top-push Video-based Person Re-identification}},
	Year = {2015}}

@article{MetricEnsembles,
	Author = {Sakrapee Paisitkriangkrai and Chunhua Shen and Anton van den Hengel},
	Date-Modified = {2017-01-14 23:52:48 +0000},
	Month = jan,
	Pages = {1--10},
	Title = {{Learning to Rank in Person Re-Identification With Metric Ensembles}},
	Year = {2015}}

@inproceedings{novelEMD,
	Author = {Peihua Li and Qilong Wang and Lei Zhang},
	Booktitle = {2013 IEEE International Conference on Computer Vision (ICCV)},
	Date-Modified = {2017-01-14 23:53:23 +0000},
	Month = dec,
	Pages = {1689--1696},
	Publisher = {IEEE},
	Title = {{A Novel Earth Mover's Distance Methodology for Image Matching with Gaussian Mixture Models}},
	Year = {2013}}

@article{RecurrentCNN,
	Author = {Niall McLaughlin and Jesus Martinez del Rincon and Paul Miller},
	Date-Modified = {2017-01-14 23:53:51 +0000},
	Month = jul,
	Pages = {1--10},
	Title = {{Recurrent Convolutional Network for Video-Based Person Re-Identification}},
	Year = {2016}}

@article{PersonNetCNN,
	Author = {Lin Wu and Chunhua Shen and Anton van den Hengel},
	Date-Modified = {2017-01-14 23:53:35 +0000},
	Month = jun,
	Pages = {1--7},
	Title = {{PersonNet: Person Re-identification with Deep Convolutional Neural Networks}},
	Year = {2016}}

@conference{SDALF,
	Author = {M. Farenzena and L. Bazzani and A. Perina and V. Murino and M. Cristani},
	Date-Modified = {2017-01-14 21:38:34 +0000},
	Month = mar,
	Organization = {CVPR},
	Pages = {1--8},
	Title = {{Person Re-Identification by Symmetry-Driven Accumulation of Local Features}},
	Year = {2016}}

@article{NFST,
	Author = {Li Zhang and Tao Xiang and Shaogang Gong},
	Date-Modified = {2017-01-14 23:50:57 +0000},
	Month = mar,
	Pages = {1--10},
	Title = {{Learning a Discriminative Null Space for Person Re-identification}},
	Year = {2016}}

@article{SemanticREID,
	Author = {Zhiyuan Shi and Timothy M. Hospedales and Tao Xiang},
	Date-Modified = {2017-01-14 23:54:48 +0000},
	Month = apr,
	Pages = {1--10},
	Title = {{Transferring a Semantic Representation for Person Re-Identification and Search}},
	Year = {2015}}

@article{REIDsurvey,
	Author = {Bedagkar-Gala and Apurva and Shah and Shishir K},
	Date-Modified = {2017-01-14 23:54:14 +0000},
	Journal = {IMAVIS},
	Month = mar,
	Pages = {1--72},
	Title = {{A Survey of Approaches and Trends in Person Re-identification}},
	Year = {2014}}

@article{MSCR,
	Author = {Per-Erik Forssen},
	Month = jul,
	Pages = {1--8},
	Title = {{Maximally Stable Colour Regions for Recognition and Matching}},
	Year = {2007}}

@article{RiemannianManifolds,
	Author = {Oncel Tuzel and Fatih Porikli and Peter Meer},
	Date-Modified = {2017-01-14 23:54:24 +0000},
	Month = apr,
	Pages = {1--8},
	Title = {{Human Detection via Classification on Riemannian Manifolds}},
	Year = {2007}}

@article{RSPD,
	Author = {Miroslav Lovric and Maung Min-Oo and Ernst A. Ruh},
	Date-Modified = {2017-01-14 23:54:33 +0000},
	Month = jun,
	Pages = {1--15},
	Title = {{Multivariate Normal Distributions Parametrized as a Riemannian Symmetric Space}},
	Year = {2002}}

@article{KernelVersionMetrics,
	Author = {Fei Xiong and Mengran Gou and Octavia Camps and Sznaier Mario},
	Date-Modified = {2017-01-14 23:49:53 +0000},
	Month = jul,
	Pages = {1--16},
	Title = {{Person Re-Identification using Kernel-based Metric Learning Methods}},
	Year = {2014}}

@article{SVMspecific,
	Author = {Ying Zhang and Baohua Li and Huchuan Lu and Atshushi Irie and Ruan Xiang},
	Date-Modified = {2017-01-14 23:55:19 +0000},
	Month = oct,
	Pages = {1--10},
	Title = {{Sample-Specific SVM Learning for Person Re-identification }},
	Year = {2016}}

@inproceedings{LFDA,
	Author = {Sateesh Pedagadi and James Orwell and Velastin and Sergio and Boghossian Boghos},
	Booktitle = {2013 IEEE Conference on Computer Vision and Pattern Recognition (CVPR)},
	Date-Modified = {2017-01-14 23:52:04 +0000},
	Month = jan,
	Pages = {3318--3325},
	Publisher = {IEEE},
	Title = {Local Fisher Discriminant Analysis for Pedestrian Re-identification},
	Year = {2013}}

@article{LMNN,
	Author = {Weinberger and Kilian Q and Saul and Lawrence K},
	Date-Modified = {2017-01-14 23:52:24 +0000},
	Month = feb,
	Pages = {1--38},
	Title = {{Distance Metric Learning for Large Margin Nearest Neighbor Classification}},
	Year = {2009}}

@conference{KLFDA,
	Author = {Masashi Sugiyama},
	Date-Modified = {2017-01-15 00:22:48 +0000},
	Month = dec,
	Title = {{Local Fisher Discriminant Analysis for Supervised Dimensionality Reduction}},
	Year = {2016}}

@article{ITML,
	Author = {Davis, Jason V and Kulis, Brian and Jain, Prateek and Sra, Suvrit and Dhillon, Inderjit S},
	Month = jun,
	Pages = {1--8},
	Title = {Information-Theoretic Metric Learning},
	Year = {2007}}

@article{KISSME,
	Author = {Kostinger, Martin and Hirzer, Martin and Wohlhart, Paul and Roth, Peter M and Bischof, Horst},
	Month = apr,
	Pages = {1--8},
	Title = {{Large Scale Metric Learning from Equivalence Constraints}},
	Year = {2012}}

@article{LADF,
	Author = {Li, Zhen and Chang, Shiyu and Liang, Feng},
	Month = apr,
	Pages = {1--8},
	Title = {{Learning Locally-Adaptive Decision Functions for Person Verification}},
	Year = {2013}}

@article{KCCA,
	Author = {Welling, Max},
	Month = mar,
	Pages = {1--3},
	Title = {{Kernel Canonical Correlation Analysis}},
	Year = {2005}}

@article{PCCA,
	Author = {Mignon, Alexis and Jurie, Frederic},
	Month = apr,
	Pages = {1--7},
	Title = {{PCCA: A New Approach for Distance Learning from Sparse Pairwise Constraints}},
	Year = {2012}}

@article{AppearanceDesc,
	Author = {Satta, Riccardo},
	Month = jul,
	Pages = {1--18},
	Title = {{Appearance Descriptors for Person Re-identification: a Comprehensive Review}},
	Year = {2016}}

@article{Bayeface,
	Author = {Moghaddam, Baback and Jebara, Tony and Pentland, Alex},
	Month = jan,
	Pages = {1--16},
	Title = {{Bayesian Face Recognition}},
	Year = {2017}}

@article{MultiCNN,
	Author = {De Cheng and Gong, Yihong and Zhou, Sanping and Wang, Jinjun and Zheng, Nanning},
	Month = jul,
	Pages = {1--10},
	Title = {{Person Re-Identification by Multi-Channel Parts-Based CNN With Improved Triplet Loss Function}},
	Year = {2016}}

@article{DeepfeatureCNN,
	Author = {Xiao, Tong and {Hongsheng, Li} and {Wanli, Ouyang} and Wang, Xiaogang},
	Month = apr,
	Pages = {1--10},
	Title = {{Learning Deep Feature Representations with Domain Guided Dropout for Person Re-identification }},
	Year = {2016}}

@article{HOG,
	Author = {Dalal, Navneet and Triggs, Bill},
	Month = jan,
	Pages = {1--8},
	Title = {{Histograms of Oriented Gradients for Human Detection}},
	Year = {2017}}

@article{AutoRela,
	Author = {Otsu, Takumi Kobayashi and Nobuyuki},
	Month = aug,
	Pages = {1--13},
	Title = {{LNCS 5302 - Image Feature Extraction Using Gradient Local Auto-Correlations}},
	Year = {2008}}

@article{MultiVarGau,
	Author = {Lovric, Miroslav and Min-Oo, Maung and Ruh, Ernst A},
	Month = jun,
	Pages = {1--15},
	Title = {{Multivariate Normal Distributions Parametrized as a Riemannian Symmetric Space}},
	Year = {2002}}

@article{LPP,
	Author = {He, Xiaofei and Niyogi, Partha},
	Month = nov,
	Pages = {1--8},
	Title = {{Locality Preserving Projections}},
	Year = {2016}}

@proceedings{LFDAdr,
	Month = dec,
	Title = {{Local Fisher Discriminant Analysis for Supervised Dimensionality Reduction}},
	Year = {2016}}

@article{Mahadist,
	Author = {Roth, Peter M and Hirzer, Martin and Kostinger, Martin and Beleznai, Csaba and Bischof, Horst},
	Month = jul,
	Pages = {1--21},
	Title = {{Mahalanobis Distance Learning for Person Re-Identification}},
	Year = {2014}}

@article{ImportantFeatures,
	Author = {Chunxiao Liu, Shaogang Gong Chen Change Loy and Xinggang Lin},
	Month = nov,
	Pages = {1--11},
	Title = {{Person Re-identification: What Features Are Important?}},
	Year = {2015}}

@inproceedings{REIDSVM,
	Author = {Prosser, Bryan and Zheng, Wei-Shi and Gong, Shaogang and Xiang, Tao},
	Booktitle = {British Machine Vision Conference 2010},
	Month = jul,
	Pages = {21.1--21.11},
	Publisher = {British Machine Vision Association},
	Title = {{Person Re-Identification by Support Vector Ranking}},
	Year = {2010}}

@inproceedings{AppBasedREID,
	Author = {Khan, Arif and Zhang, Jian and Wang, Yang},
	Booktitle = {2010 International Conference on Digital Image Computing: Techniques and Applications (DICTA)},
	Month = nov,
	Pages = {357--362},
	Publisher = {IEEE},
	Title = {{Appearance-Based Re-identification of People in Video}},
	Year = {2010}}

@article{PartbasedSTReid,
	Author = {Bedagkar-Gala, A and Shah, Shishir K},
	Journal = {Pattern Recognition Letters},
	Month = oct,
	Number = {14},
	Pages = {1908--1915},
	Title = {{Part-based spatio-temporal model for multi-person re-identification}},
	Volume = {33},
	Year = {2012}}

@article{MultiPersonREID,
	Author = {Bedagkar-Gala, Apurva and Shah, Shishir K},
	Month = oct,
	Pages = {1--8},
	Title = {{Multiple Person Re-identification using Part based Spatio-Temporal Color Appearance Model}},
	Year = {2011}}

@article{SARC3D,
	Author = {Baltieri, Davide and Vezzani, Roberto and Cucchiara,Rita},
	Month = mar,
	Pages = {1--10},
	Title = {{SARC3D: a new 3D body model for People Tracking and Re-identification}},
	Year = {2011}}

@article{PictorialModel,
	Author = {Felzenszwalb, Pedro F and Huttenlocher, Daniel P},
	Month = jan,
	Pages = {1--42},
	Title = {{Pictorial Structures for Object Recognition}},
	Year = {2013}}

@article{PSmodelRevisit,
	Author = {Andriluka, Mykhaylo and Roth, Stefan and Schiele, Bernt},
	Month = apr,
	Pages = {1--8},
	Title = {{Pictorial Structures Revisited: People Detection and Articulated Pose Estimation}},
	Year = {2009}}

@article{SIFT,
	Author = {Lowe, David G},
	Month = jun,
	Pages = {1--8},
	Title = {{Object Recognition from Local Scale-Invariant Features}},
	Year = {1999}}

@article{SemanticMethod,
author = {Shi, Zhiyuan and Hospedales, Timothy M and Xiang, Tao},
title = {{Transferring a Semantic Representation for Person Re-Identification and Search}},
year = {2015},
pages = {1--10},
month = apr
}

@article{SimilarityLearning,
author = {Chen, Dapeng and Yuan, Zejian and Hua, Gang and Wang, Nanning Zheng andJingdong},
title = {{Similarity Learning on an Explicit Polynomial Kernel Feature Map for Person Re-Identification}},
year = {2015},
pages = {1--9},
month = apr
}


@inproceedings{MidlevelFilters,
author = {Zhao, Rui and Ouyang, Wanli and Wang, Xiaogang},
title = {{Learning Mid-level Filters for Person Re-identification}},
booktitle = {2014 IEEE Conference on Computer Vision and Pattern Recognition (CVPR)},
year = {2014},
pages = {144--151},
publisher = {IEEE},
month = may
}

@article{ImprovedCNN,
author = {Ejaz Ahmed, Michael Jones and Marks, Tim K},
title = {{An Improved Deep Learning Architecture for Person Re-Identification}},
year = {2015},
pages = {1--9},
month = apr
}

@article{STEL,
author = {Jojic, Nebojsa and Perina, Alessandro and Cristani, Marco and Murino, Vittorio and Frey, Brendan},
title = {{Stel component analysis: Modeling spatial correlations in image class structure}},
year = {2009},
pages = {1--8},
month = apr
}



